<?xml version="1.0" encoding="utf-8"?>
<record xmlns="http://www.loc.gov/MARC21/slim" xmlns:xsi="http://www.w3.org/2001/XMLSchema-instance" xsi:schemaLocation="http://www.loc.gov/MARC21/slim http://www.loc.gov/standards/marcxml/schema/MARC21slim.xsd">
	<leader>     nam a22     Mi 4500</leader>
	<controlfield tag="001">b12567747</controlfield>
	<controlfield tag="003">UaCaAUL</controlfield>
	<controlfield tag="006">m        d        </controlfield>
	<controlfield tag="007">cr cn |||m|||a</controlfield>
	<controlfield tag="008">190222s1955    xx ch   o     000 0 ara d</controlfield>
	<datafield ind1=" " ind2=" " tag="040">
		<subfield code="a">ZYU</subfield>
		<subfield code="b">ara</subfield>
		<subfield code="e">rda</subfield>
		<subfield code="c">ZYU</subfield>
	</datafield>
	<datafield ind1=" " ind2=" " tag="043">
		<subfield code="a">f-ua---</subfield>
	</datafield>
	<datafield ind1=" " ind2="4" tag="050">
		<subfield code="a">BP44</subfield>
		<subfield code="b">.Z3 1955</subfield>
	</datafield>
	<datafield ind1=" " ind2="4" tag="050">
		<subfield code="a">LC904</subfield>
		<subfield code="b">.Z395</subfield>
	</datafield>
	<datafield ind1="1" ind2=" " tag="100">
		<subfield code="6">880-01</subfield>
		<subfield code="a">Ẓawāhirī, Muḥammad al-Aḥmadī,</subfield>
		<subfield code="d">-1944.</subfield>
	</datafield>
	<datafield ind1="1" ind2="3" tag="245">
		<subfield code="6">880-02</subfield>
		<subfield code="a">al-ʻIlm wa-al-ʻulamāʼ wa-niẓām al-taʻlīm /</subfield>
		<subfield code="c">bi-qalam al-marḥūm al-ustādh al-akbar al-shaykh Muḥammad al-Aḥmadī al-Ẓawāhirī shaykh al-Jāmiʻ al-Azhar ; wa-bihā muqaddimah tārīkhīyah wa-siyāsiyah, bi-qalam najl al-muʼallif al-duktūr Fakhr al-Dīn al-Aḥmadī al-Ẓawāhirī.</subfield>
	</datafield>
	<datafield ind1=" " ind2=" " tag="250">
		<subfield code="6">880-03</subfield>
		<subfield code="a">Ṭabʻah al-thāniyah.</subfield>
	</datafield>
	<datafield ind1=" " ind2="1" tag="264">
		<subfield code="6">880-04</subfield>
		<subfield code="a">[Place of publication not identified] :</subfield>
		<subfield code="b">[publisher not identified],</subfield>
		<subfield code="c">1955.</subfield>
	</datafield>
	<datafield ind1=" " ind2=" " tag="300">
		<subfield code="a">online resource (11, 304 pages) :</subfield>
		<subfield code="b">portraits, facsimilies</subfield>
	</datafield>
	<datafield ind1=" " ind2=" " tag="336">
		<subfield code="a">text</subfield>
		<subfield code="2">rdacontent</subfield>
	</datafield>
	<datafield ind1=" " ind2=" " tag="337">
		<subfield code="a">computer</subfield>
		<subfield code="2">rdamedia</subfield>
	</datafield>
	<datafield ind1=" " ind2=" " tag="338">
		<subfield code="a">online resource</subfield>
		<subfield code="2">rdacarrier</subfield>
	</datafield>
	<datafield ind1=" " ind2=" " tag="500">
		<subfield code="6">880-05</subfield>
		<subfield code="a">&quot;Al-Ṭabʻah al-ūlá ṣadarat fī sanat 1904 ʻindamā kāna al-muʼallif mudarrisan bi-Maʻhad Ṭanṭā al-ʻIlmī al-Dīnī al-Islāmī.&quot;</subfield>
	</datafield>
	<datafield ind1=" " ind2=" " tag="500">
		<subfield code="a">Part of the Arabic Collections Online (ACO) project, contributed by American University in Cairo Library.</subfield>
	</datafield>
	<datafield ind1=" " ind2=" " tag="533">
		<subfield code="a">Electronic reproduction.</subfield>
		<subfield code="b">New York, N.Y. :</subfield>
		<subfield code="c">New York University,</subfield>
		<subfield code="d">2019.</subfield>
		<subfield code="5">NNU</subfield>
	</datafield>
	<datafield ind1=" " ind2="0" tag="650">
		<subfield code="a">Islamic education</subfield>
		<subfield code="z">Egypt.</subfield>
	</datafield>
	<datafield ind1=" " ind2="0" tag="650">
		<subfield code="a">Islamic religious education</subfield>
		<subfield code="z">Egypt.</subfield>
	</datafield>
	<datafield ind1="2" ind2="0" tag="610">
		<subfield code="6">880-06</subfield>
		<subfield code="a">Jāmiʻ al-Azhar.</subfield>
	</datafield>
	<datafield ind1=" " ind2="0" tag="650">
		<subfield code="a">Education</subfield>
		<subfield code="z">Egypt.</subfield>
	</datafield>
	<datafield ind1="2" ind2="7" tag="610">
		<subfield code="a">Jāmiʻ al-Azhar.</subfield>
		<subfield code="2">fast</subfield>
		<subfield code="0">(OCoLC)fst00560467</subfield>
	</datafield>
	<datafield ind1=" " ind2="7" tag="650">
		<subfield code="a">Education.</subfield>
		<subfield code="2">fast</subfield>
		<subfield code="0">(OCoLC)fst00902499</subfield>
	</datafield>
	<datafield ind1=" " ind2="7" tag="650">
		<subfield code="a">Islamic education.</subfield>
		<subfield code="2">fast</subfield>
		<subfield code="0">(OCoLC)fst00979927</subfield>
	</datafield>
	<datafield ind1=" " ind2="7" tag="650">
		<subfield code="a">Islamic religious education.</subfield>
		<subfield code="2">fast</subfield>
		<subfield code="0">(OCoLC)fst00980044</subfield>
	</datafield>
	<datafield ind1=" " ind2="7" tag="651">
		<subfield code="a">Egypt.</subfield>
		<subfield code="2">fast</subfield>
		<subfield code="0">(OCoLC)fst01208755</subfield>
	</datafield>
	<datafield ind1="1" ind2=" " tag="700">
		<subfield code="6">880-07</subfield>
		<subfield code="a">Ẓawāhirī, Fakhr al-Dīn al-Aḥmadī.</subfield>
	</datafield>
	<datafield ind1="2" ind2=" " tag="710">
		<subfield code="a">American University in Cairo.</subfield>
		<subfield code="b">Library.</subfield>
	</datafield>
	<datafield ind1="0" ind2=" " tag="730">
		<subfield code="a">Arabic Collections Online.</subfield>
	</datafield>
	<datafield ind1="0" ind2="8" tag="776">
		<subfield code="i">Online version:</subfield>
		<subfield code="a">Ẓawāhirī, Muḥammad al-Aḥmadī, -1944.</subfield>
		<subfield code="t">ʻIlm wa-al-ʻulamāʼ wa-niẓām al-taʻlīm.</subfield>
		<subfield code="b">Ṭabʻah 2.</subfield>
		<subfield code="d">[al-Qāhirah : Dār al-Waʻy al-Qawmī], 1955</subfield>
		<subfield code="w">(OCoLC)622041643</subfield>
	</datafield>
	<datafield ind1="0" ind2="8" tag="776">
		<subfield code="i">Print version:</subfield>
		<subfield code="a">Ẓawāhirī, Muḥammad al-Aḥmadī, -1944.</subfield>
		<subfield code="t">al-ʻIlm wa-al-ʻulamāʼ wa-niẓām al-taʻlīm</subfield>
		<subfield code="w">(UaCaAUL)b12567747</subfield>
		<subfield code="w">(OCoLC)44448557</subfield>
	</datafield>
	<datafield ind1="4" ind2="0" tag="856">
		<subfield code="u">http://hdl.handle.net/2333.1/c866t8j1</subfield>
	</datafield>
	<datafield ind1="1" ind2=" " tag="880">
		<subfield code="6">100-01</subfield>
		<subfield code="a">ظواهري، محمد الأحمدي،,</subfield>
		<subfield code="d">-1944.</subfield>
	</datafield>
	<datafield ind1="1" ind2="2" tag="880">
		<subfield code="6">245-02</subfield>
		<subfield code="a">العلم والعلماء ونظام التعليم /</subfield>
		<subfield code="c">بقلم المرحوم الأستاذ الأكبر الشيخ محمد الأحمدي الظواهري شيخ الجامع الأزهر ؛ وبها مقدمة تاريخية وسياسية، بقلم نجل المؤلف الدكتور فخر الدين الأحمدي الظواهري.</subfield>
	</datafield>
	<datafield ind1=" " ind2=" " tag="880">
		<subfield code="6">250-03</subfield>
		<subfield code="a">طبعة الثانية.</subfield>
	</datafield>
	<datafield ind1=" " ind2="1" tag="880">
		<subfield code="6">264-04</subfield>
		<subfield code="a">[Place of publication not identified] :</subfield>
		<subfield code="b">[publisher not identified]،</subfield>
		<subfield code="c">1955.</subfield>
	</datafield>
	<datafield ind1=" " ind2=" " tag="880">
		<subfield code="6">500-05</subfield>
		<subfield code="a">&quot;الطبعة الأولى صدرت في سنة 1904 عندما كان المؤلف مدرسا بمعهد طنطا العلمي الديني الإسلامي.&quot;</subfield>
	</datafield>
	<datafield ind1="2" ind2="4" tag="880">
		<subfield code="6">610-06</subfield>
		<subfield code="a">جامع الأزهر.</subfield>
	</datafield>
	<datafield ind1="1" ind2=" " tag="880">
		<subfield code="6">700-07</subfield>
		<subfield code="a">ظواهري، فخر الدين الأحمدي.</subfield>
	</datafield>
	<datafield ind1=" " ind2=" " tag="959">
		<subfield code="a">NNU</subfield>
		<subfield code="b">WEB</subfield>
		<subfield code="c">GENI</subfield>
		<subfield code="t">0</subfield>
		<subfield code="m">Electronic access</subfield>
		<subfield code="s">01</subfield>
	</datafield>
	<datafield ind1=" " ind2=" " tag="999">
		<subfield code="i">UaCaAUL_b12567747</subfield>
		<subfield code="o">(OCoLC)ocm44448557 </subfield>
		<subfield code="s">auc_aco000459</subfield>
	</datafield>
</record>
